<record><leader>00000cas a2200000 i 4500</leader><controlfield tag="001">26155871</controlfield><controlfield tag="008">920709d19822016scuwr ne      0    0eng c</controlfield><datafield ind1=" " ind2=" " tag="010"><subfield code="a">sn 92065577 </subfield></datafield><datafield ind1=" " ind2=" " tag="040"><subfield code="a">SVN</subfield><subfield code="b">eng</subfield><subfield code="e">rda</subfield><subfield code="c">SVN</subfield><subfield code="d">OCLCQ</subfield><subfield code="d">DLC</subfield><subfield code="d">OCLCF</subfield><subfield code="d">DLC</subfield><subfield code="d">SUC</subfield><subfield code="d">OCL</subfield></datafield><datafield ind1=" " ind2=" " tag="042"><subfield code="a">msc</subfield></datafield><datafield ind1=" " ind2=" " tag="043"><subfield code="a">n-us-sc</subfield></datafield><datafield ind1="0" ind2=" " tag="130"><subfield code="a">Herald-independent (Winnsboro, S.C.)</subfield></datafield><datafield ind1="1" ind2="0" tag="245"><subfield code="a">Herald-independent.</subfield></datafield><datafield ind1=" " ind2="1" tag="264"><subfield code="a">Winnsboro, S.C. :</subfield><subfield code="b">Fairfield Publishers, Inc.</subfield></datafield><datafield ind1=" " ind2=" " tag="300"><subfield code="a">volumes</subfield></datafield><datafield ind1=" " ind2=" " tag="310"><subfield code="a">Weekly</subfield></datafield><datafield ind1=" " ind2=" " tag="336"><subfield code="a">text</subfield><subfield code="2">rdacontent</subfield></datafield><datafield ind1=" " ind2=" " tag="337"><subfield code="a">unmediated</subfield><subfield code="2">rdamedia</subfield></datafield><datafield ind1=" " ind2=" " tag="338"><subfield code="a">volume</subfield><subfield code="2">rdacarrier</subfield></datafield><datafield ind1="1" ind2=" " tag="362"><subfield code="a">Began in March 1982; ceased with February 25, 2016.</subfield></datafield><datafield ind1=" " ind2=" " tag="588"><subfield code="a">Description based on: Volume 1 No. 2 (March 11, 1982); title from masthead.</subfield></datafield><datafield ind1=" " ind2=" " tag="588"><subfield code="a">Latest issue consulted: Volume 35, Issue 92 (February 25, 2016).</subfield></datafield><datafield ind1=" " ind2="0" tag="651"><subfield code="a">Winnsboro (S.C.)</subfield><subfield code="v">Newspapers.</subfield></datafield><datafield ind1=" " ind2="0" tag="651"><subfield code="a">Fairfield County (S.C.)</subfield><subfield code="v">Newspapers.</subfield></datafield><datafield ind1=" " ind2="7" tag="651"><subfield code="a">South Carolina</subfield><subfield code="z">Winnsboro</subfield><subfield code="2">fast</subfield><subfield code="0">(OCoLC)fst01209837</subfield></datafield><datafield ind1=" " ind2="7" tag="651"><subfield code="a">South Carolina</subfield><subfield code="z">Fairfield County.</subfield><subfield code="2">fast</subfield><subfield code="0">(OCoLC)fst01207054</subfield></datafield><datafield ind1=" " ind2="7" tag="655"><subfield code="a">Newspapers.</subfield><subfield code="2">fast</subfield><subfield code="0">(OCoLC)fst01423814</subfield></datafield><datafield ind1=" " ind2=" " tag="752"><subfield code="a">United States</subfield><subfield code="b">South Carolina</subfield><subfield code="c">Fairfield</subfield><subfield code="d">Winnsboro.</subfield></datafield><datafield ind1="0" ind2="4" tag="780"><subfield code="t">Fairfield independent</subfield><subfield code="w">(DLC)sn 92065573</subfield><subfield code="w">(OCoLC)26155798</subfield></datafield><datafield ind1="0" ind2="4" tag="780"><subfield code="t">News and herald (Winnsboro, S.C. : 1901)</subfield><subfield code="x">2333-1763</subfield><subfield code="w">(DLC)  2012218612</subfield><subfield code="w">(OCoLC)783781677</subfield></datafield><datafield ind1="1" ind2=" " tag="029"><subfield code="a">AU@</subfield><subfield code="b">000020750045</subfield></datafield></record>